<record><leader>00000cas a22000007a 4500</leader><controlfield tag="001">16668612</controlfield><controlfield tag="008">870911u1uuuuuuutxumr ne      0    0eng d</controlfield><datafield ind1=" " ind2=" " tag="010"><subfield code="a">sn 87090712 </subfield></datafield><datafield ind1=" " ind2=" " tag="040"><subfield code="a">PPM</subfield><subfield code="b">eng</subfield><subfield code="c">PPM</subfield><subfield code="d">OCLCQ</subfield></datafield><datafield ind1=" " ind2=" " tag="042"><subfield code="a">msc</subfield></datafield><datafield ind1="0" ind2="0" tag="245"><subfield code="a">Revival voice.</subfield></datafield><datafield ind1=" " ind2=" " tag="260"><subfield code="a">Waco, Tex. :</subfield><subfield code="b">A. Reilly Copeland</subfield></datafield><datafield ind1=" " ind2=" " tag="310"><subfield code="a">Monthly</subfield></datafield><datafield ind1=" " ind2=" " tag="588"><subfield code="a">Description based on: Nov., 1932 issue.</subfield></datafield><datafield ind1=" " ind2=" " tag="752"><subfield code="a">United States</subfield><subfield code="b">Texas</subfield><subfield code="c">McLennan</subfield><subfield code="d">Waco.</subfield></datafield><datafield ind1="0" ind2="0" tag="785"><subfield code="t">Tabernacle revival</subfield></datafield><datafield ind1="1" ind2=" " tag="029"><subfield code="a">AU@</subfield><subfield code="b">000025828505</subfield></datafield></record>